@article{dblue,
	author = {Campbell, Murray and Hoane,Jr., A. Joseph and Hsu, Feng-hsiung},
 	title = {Deep Blue},
 	journal = {Artificial Intelligence},
 	volume = {134},
 	number = {1-2},
 	year = {2002},
 	issn = {0004-3702},
 	pages = {57--83},
 	doi = {http://dx.doi.org/10.1016/S0004-3702(01)00129-1},
 	publisher = {Elsevier Science Publishers Ltd.},
 	address = {Essex, UK},
 }

@article{chinook,
	author = {Jonathan Schaeffer and Robert Lake and Paul Lu and Martin Bryant},
	title = {CHINOOK The World Man-Machine Checkers Champion},
	journal = {AI Magazine},
	volume = {17},
	number = {1},
	year = {1996},
	keywords = {},
	issn = {0738-4602},
	url =  {http://www.aaai.org/ojs/index.php/aimagazine/article/view/1208/1109}
}

@manual{gdl,
	author = {Nathaniel Love and Timothy Hinrichs and David Haley and Eric Schkufza and Michael Genesereth},
	title = {General Game Playing Specification},
	year = {2008},
	url = {http.games.stanford.edu/language/spec/gdl\_spec\_2008\_03.pdf}
}

@book{mginsberg,
 author = {Ginsberg, Matt},
 title = {Essentials of artificial intelligence},
 year = {1994},
 isbn = {1-55860-221-6},
 publisher = {Morgan Kaufmann Publishers Inc.},
 address = {San Francisco, CA, USA},
 }
